@article{GORTER1948504,
title = "A new suggestion for aligning certain atomic nucle√Ø",
journal = "Physica",
volume = "14",
number = "8",
pages = "504",
year = "1948",
issn = "0031-8914",
doi = "https://doi.org/10.1016/0031-8914(48)90004-4",
url = "http://www.sciencedirect.com/science/article/pii/0031891448900044",
author = "C.J Gorter"
}