@article {Cox544,
	author = {Cox, R. T. and McIlwraith, C. G. and Kurrelmeyer, B.},
	title = {Apparent Evidence of Polarization in a Beam of Î²-Rays},
	volume = {14},
	number = {7},
	pages = {544--549},
	year = {1928},
	doi = {10.1073/pnas.14.7.544},
	publisher = {National Academy of Sciences},
	issn = {0027-8424},
	URL = {https://www.pnas.org/content/14/7/544},
	eprint = {https://www.pnas.org/content/14/7/544.full.pdf},
	journal = {Proceedings of the National Academy of Sciences}
}
