






@article{doi:10.1080/14786440208520296,
author = { E.   Ambler  and  M.A.   Grace  and  H.   Halban  and  N.   Kurti  and  H.   Durand  and  C.E.   Johnson  and  H.R.   Lemmer },
title = {Nuclear polarization of cobalt 60},
journal = {The London, Edinburgh, and Dublin Philosophical Magazine and Journal of Science},
volume = {44},
number = {349},
pages = {216-218},
year  = {1953},
publisher = {Taylor & Francis},
doi = {10.1080/14786440208520296},

URL = { 
        https://doi.org/10.1080/14786440208520296
    
},
eprint = { 
        https://doi.org/10.1080/14786440208520296
    
}

}


