






@article{doi:10.1080/14786441008520365,
author = { R.H.   Dalitz },
title = {CXII. On the analysis of τ-meson data and the nature of the τ-meson},
journal = {The London, Edinburgh, and Dublin Philosophical Magazine and Journal of Science},
volume = {44},
number = {357},
pages = {1068-1080},
year  = {1953},
publisher = {Taylor & Francis},
doi = {10.1080/14786441008520365}
}
