@online{ali,
  author = {Edifici Eureka. Campus UAB},
  title = {Alibava Systems Activity Book For Students - First editon},
  url = {https://www.alibavasystems.com/images/EASy-exercises/EASY-Exercise-Book.pdf},
  urldate = {2020-02-15}
}
@manual{wu,
  author = "Janina Nicolini",
  title = "The Wu Experiment",
  note = "25.10.19"
}
@manual{gluon,
  author = "Michael Windau",
  title = "The Discovery of the Gluon",
  note = "08.11.19"
}
@manual{NC,
  author = "Janis Sowa",
  title = "Discovery of Neutral Current",
  note = "24.01.20"
}
@manual{NC_J,
  author = "Janina Nicolini",
  title = "Seminar Falsche Entdeckungen: Die Entdeckung der Neutralen Ströme",
  note = "27.06.19"
}
@manual{oszis,
  author = "Lara Nollen",
  title = "Neutrino Oszillation",
  note = "13.12.19"
}
@manual{top-quark,
  author = "Nicole Schulte",
  title = "Discovery of the Top Quark",
  note = "29.11.19"
}
@manual{wz,
  author = "Jan Lukas Späh",
  title = "The Discovery of W and Z Boson",
  note = "10.01.20"
}
@manual{bb,
  author = "David Rolf",
  title = "$B\bar{B}$ Oszillation",
  note = "20.12.19"
}
@manual{cherenkov,
  author = "Christopher Krause",
  title = "Cherenkov Detectors",
  note = "22.11.19"
}
@manual{semi,
  author = "Serena Di Pede",
  title = "Semiconductor Detectors",
  note = "31.01.20"
}
@manual{Kaonen,
  author = "Jonah Blank",
  title = "The Discovery of CP Violation",
  note = "17.01.20"
}
@manual{higgs,
  author = "Miriam Schwarze",
  title = "The Discovery of the Higgs Boson",
  note = "06.12.19"
}
@manual{gold,
  author = "Lars Röhrig",
  title = "The Goldhaber Experiment",
  note = "06.12.19"
}
@manual{neutrino,
  author = "Jan Ellbracht",
  title = "The Discovery of Three Types of Neutrinos",
  note = "22.11.19"
}
