%% LaTeX2e file `literatur2.bib'
%% generated by the `filecontents' environment
%% from source `example' on 2019/10/25.
%%
 @article{Hadjiivanov:2018lgp,
    author         = "Hadjiivanov, Ludmil",
    title          = "{Neutrino, parity violaton, V-A: a historical survey}",
    year           = "2018",
    eprint         = "1812.11629",
    archivePrefix  = "arXiv",
    primaryClass   = "physics.hist-ph",
    SLACcitation   = "%%CITATION = ARXIV:1812.11629;%%"
 }
 @article{PhysRev.105.1681.2,
   title = {Nuclear Emulsion Evidence for Parity Nonconservation in the Decay Chain ${\ensuremath{\pi}}^{+}\ensuremath{-}{\ensuremath{\mu}}^{+}\ensuremath{-}{e}^{+}$},
   author = {Friedman, J. I. and Telegdi, V. L.},
   journal = {Phys. Rev.},
   volume = {105},
   issue = {5},
   pages = {1681--1682},
   numpages = {0},
   year = {1957},
   month = {Mar},
   publisher = {American Physical Society},
   doi = {10.1103/PhysRev.105.1681.2}
 }
 @article{GORTER1948504,
  title = "A new suggestion for aligning certain atomic nucleï",
  journal = "Physica",
  volume = "14",
  number = "8",
  pages = "504",
  year = "1948",
  issn = "0031-8914",
  doi = "https://doi.org/10.1016/0031-8914(48)90004-4",
  author = "C.J Gorter"
 }
 @article{PhysRev.75.213,
   title = {On the Production of Nuclear Polarization},
   author = {Rose, M. E.},
   journal = {Phys. Rev.},
   volume = {75},
   issue = {1},
   pages = {213--213},
   numpages = {0},
   year = {1949},
   month = {01},
   publisher = {American Physical Society},
   doi = {10.1103/PhysRev.75.213}
 }
 @article{PhysRev.104.254,
   title = {Question of Parity Conservation in Weak Interactions},
   author = {Lee, T. D. and Yang, C. N.},
   journal = {Phys. Rev.},
   volume = {104},
   issue = {1},
   pages = {254--258},
   numpages = {0},
   year = {1956},
   month = {10},
   publisher = {American Physical Society},
   doi = {10.1103/PhysRev.104.254}
 }
 @article{PhysRev.105.1413,
   title = {Experimental Test of Parity Conservation in Beta Decay},
   author = {Wu, C. S. and Ambler, E. and Hayward, R. W. and Hoppes, D. D. and Hudson, R. P.},
   journal = {Phys. Rev.},
   volume = {105},
   issue = {4},
   pages = {1413--1415},
   numpages = {0},
   year = {1957},
   month = {02},
   publisher = {American Physical Society},
   doi = {10.1103/PhysRev.105.1413}
 }
 @article{PhysRev.105.1415,
   title = {Observations of the Failure of Conservation of Parity and Charge Conjugation in Meson Decays: the Magnetic Moment of the Free Muon},
   author = {Garwin, Richard L. and Lederman, Leon M. and Weinrich, Marcel},
   journal = {Phys. Rev.},
   volume = {105},
   issue = {4},
   pages = {1415--1417},
   numpages = {0},
   year = {1957},
   month = {02},
   publisher = {American Physical Society},
   doi = {10.1103/PhysRev.105.1415}
 }
 @article{doi:10.1080/14786440208520296,
  author = { E.   Ambler  and  M.A.   Grace  and  H.   Halban  and  N.   Kurti  and  H.   Durand  and  C.E.   Johnson  and  H.R.   Lemmer },
  title = {Nuclear polarization of cobalt 60},
  journal = {The London, Edinburgh, and Dublin Philosophical Magazine and Journal of Science},
  volume = {44},
  number = {349},
  pages = {216-218},
  year  = {1953},
  publisher = {Taylor & Francis},
  doi = {10.1080/14786440208520296}
 }
 @article {Cox544,
  author = {Cox, R. T. and McIlwraith, C. G. and Kurrelmeyer, B.},
  title = {Apparent Evidence of Polarization in a Beam of β-Rays},
  volume = {14},
  number = {7},
  pages = {544--549},
  year = {1928},
  doi = {10.1073/pnas.14.7.544},
  publisher = {National Academy of Sciences},
  issn = {0027-8424},
  journal = {Proceedings of the National Academy of Sciences}
 }
 @article{PhysRev.106.340,
   title = {Remarks on Possible Noninvariance under Time Reversal and Charge Conjugation},
   author = {Lee, T. D. and Oehme, Reinhard and Yang, C. N.},
   journal = {Phys. Rev.},
   volume = {106},
   issue = {2},
   pages = {340--345},
   numpages = {0},
   year = {1957},
   month = {04},
   publisher = {American Physical Society},
   doi = {10.1103/PhysRev.106.340}
 }
 @article{doi:10.1080/14786441008520365,
  author = { R.H.   Dalitz },
  title = {CXII. On the analysis of τ-meson data and the nature of the τ-meson},
  journal = {The London, Edinburgh, and Dublin Philosophical Magazine and Journal of Science},
  volume = {44},
  number = {357},
  pages = {1068-1080},
  year  = {1953},
  publisher = {Taylor & Francis},
  doi = {10.1080/14786441008520365}
 }
 @article{Chase,
  author = { C.T. Chase },
  title = {The scattering of fast electrons by metals. II. Polarization by double scattering at right angles},
  journal = {Phys. Rev. Lett.},
  volume = {36},
  pages = {1060-1065},
  year  = {1930}
 }
 @online{nobelprize,
   author = {Magdolna Hargittai},
   title = {Credit where credit’s due?},
   url = {https://physicsworld.com/a/credit-where-credits-due/},
   urldate = {2019-10-22}
 }
 @online{WuBild,
   author = {Wikipedia},
   title = {Chien-Shiung Wu},
   url = {https://en.wikipedia.org/wiki/Chien-Shiung_Wu},
   urldate = {2019-10-21}
 }
 @online{WuExperiment,
   author = {Wikipedia},
   title = {Wu experiment},
   url = {https://en.wikipedia.org/wiki/Wu_experiment},
   urldate = {2019-10-21}
 }
 @online{muon,
  author = {German Hacker},
  title = {Die schwache Wechselwirkung - Die Paritätsverletzung},
  url = {https://www.solstice.de/grundl_d_tph/sm_ww/sm_ww_sch8a.html},
  urldate = {2019-10-23}
 }
 @book{griffiths,
   author = {David Griffiths},
   title = {Introduction to Elementary Particles},
  pages = {136-145},
   publisher = {Wiley-VCH},
   year = {2008},
 }
 @book{kittel,
  author = {Charles Kittel},
  title = {Einführung in die Festkörperphysik},
  publisher = {Oldenburg},
  year = {2002},
 }
 @book{wegener,
  author = {Dietrich B. Wegener},
  title = {Vorlesung Einführung in die Kern- und Elementarteilchenphysik},
  %publisher = {Oldenburg},
  year = {2002},
 }
 @book{feynman,
   author = {Richard P. Feynman},
   title = {The Feynman Lectures on Physics, Vol.III},
  pages = {17-22},
   publisher = {Adison-Wesley},
   year = {1965},
 }

